@ARTICLE{ref:Pholig1978,
author={Pohlig, S.C. and Hellman, M.E.},
journal={Information Theory, IEEE Transactions on},
title={An improved algorithm for computing logarithms over GF(p) and its cryptographic significance (Corresp.)},
year={1978},
volume={24},
number={1},
pages={106-110},
keywords={Cryptography;Galois fields;Logarithms;Acoustics;Convolution;Convolutional codes;Cryptography;Decoding;Error correction codes;Notice of Violation;Reed-Solomon codes;Speech;Systems engineering and theory},
doi={10.1109/TIT.1978.1055817},
ISSN={0018-9448},}
