@MISC{Ref:ImplementationRSA,
  author =       {Shaun Gomez},
  title =        {Implementation of RSA Algorithm},
  howpublished = {Online: MATLAB Central},
  year =         {2012},
  month =        oct,
  note =         {},
  abstract =     {},
  keywords =     {},
  source =       {},
}
@BOOK{Ref:InfoSecTextbook,
  author =       {Mark Stamp},
  editor =       {},
  title =        {Information Security, Principles and Practice},
  publisher =    {Wiley},
  year =         {2011},
  volume =       {},
  number =       {},
  series =       {},
  address =      {},
  edition =      {Second},
  month =        {},
  note =         {},
  abstract =     {},
  isbn =         {},
  price =        {},
  keywords =     {},
  source =       {},
}

@MISC{Ref:Hashing,
  author =       {Wikipedia},
  title =        {Hash Function},
  howpublished = {Online: \url{https://en.wikipedia.org/wiki/Hash_function}},
  year =         {2013},
  month =        {},
  note =         {},
  abstract =     {},
  keywords =     {},
  source =       {},
}
