@BOOK{Ref:InfoSecTextbook,
  author =       {Mark Stamp},
  editor =       {},
  title =        {Information Security, Principles and Practice},
  publisher =    {Wiley},
  year =         {2011},
  volume =       {},
  number =       {},
  series =       {},
  address =      {},
  edition =      {2nd},
  month =        {},
  note =         {},
  abstract =     {},
  isbn =         {},
  price =        {},
  keywords =     {},
  source =       {},
}

