@book{Menezes:1996:HAC:548089,
 author = {Menezes, Alfred J. and Vanstone, Scott A. and Oorschot, Paul C. Van},
 title = {Handbook of Applied Cryptography},
 year = {1996},
 isbn = {0849385237},
 edition = {1st},
 publisher = {CRC Press, Inc.},
 address = {Boca Raton, FL, USA},
} 

@book{Rosen:2012,
 author = {Rosen, Kenneth H.},
 title = {Discrete Mathematics and Its Applications},
 year = {2012},
 isbn = {978-0073383095},
 edition = {7th},
 publisher = {McGraw-Hill Higher Education},
} 

@ARTICLE{ref:Elgamal1985,
author={Elgamal, T.},
journal={Information Theory, IEEE Transactions on},
title={A public key cryptosystem and a signature scheme based on discrete logarithms},
year={1985},
volume={31},
number={4},
pages={469-472},
keywords={Cryptography;Logarithmic arithmetic;Digital signatures;Galois fields;Helium;Information security;Information systems;Milling machines;Public key;Public key cryptography},
doi={10.1109/TIT.1985.1057074},
ISSN={0018-9448},}