@incollection{
year={1994},
isbn={978-3-540-58333-2},
booktitle={Advances in Cryptology — CRYPTO ’94},
volume={839},
series={Lecture Notes in Computer Science},
editor={Desmedt, YvoG.},
doi={10.1007/3-540-48658-5_26},
title={Towards the Equivalence of Breaking the Diffie-Hellman Protocol and Computing Discrete Logarithms},
url={http://dx.doi.org/10.1007/3-540-48658-5_26},
publisher={Springer Berlin Heidelberg},
author={Maurer, UeliM.},
pages={271-281},
language={English}
}
