@incollection{
year={1990},
isbn={978-0-387-97196-4},
booktitle={Advances in Cryptology — CRYPTO’ 88},
volume={403},
series={Lecture Notes in Computer Science},
editor={Goldwasser, Shafi},
doi={10.1007/0-387-34799-2_38},
title={Diffie-Hellman is as Strong as Discrete Log for Certain Primes},
url={http://dx.doi.org/10.1007/0-387-34799-2_38},
publisher={Springer New York},
author={Boer, Bert},
pages={530-539},
language={English}
}
